<?xml version="1.0" encoding="UTF-8"?><record xmlns="http://www.loc.gov/MARC21/slim" xmlns:cinclude="http://apache.org/cocoon/include/1.0" xmlns:zs="http://www.loc.gov/zing/srw/">
  <leader>00684cz  a2200157n  4500</leader>
  <controlfield tag="001">n 2004022542</controlfield>
  <controlfield tag="003">DLC</controlfield>
  <controlfield tag="005">20130322082116.0</controlfield>
  <controlfield tag="008">040927n| azannaabn          |a ana      </controlfield>
  <datafield tag="010" ind1=" " ind2=" ">
    <subfield code="a">n 2004022542</subfield>
  </datafield>
  <datafield tag="040" ind1=" " ind2=" ">
    <subfield code="a">DLC</subfield>
    <subfield code="b">eng</subfield>
    <subfield code="e">rda</subfield>
    <subfield code="c">DLC</subfield>
    <subfield code="d">DLC</subfield>
  </datafield>
  <datafield tag="110" ind1="2" ind2=" ">
    <subfield code="a">COGIC International Mass Choir</subfield>
  </datafield>
  <datafield tag="410" ind1="2" ind2=" ">
    <subfield code="a">Church of God in Christ.</subfield>
    <subfield code="b">International Mass Choir</subfield>
  </datafield>
  <datafield tag="410" ind1="2" ind2=" ">
    <subfield code="a">Church of God in Christ.</subfield>
    <subfield code="b">International Music Department.</subfield>
    <subfield code="b">International Mass Choir</subfield>
  </datafield>
  <datafield tag="670" ind1=" " ind2=" ">
    <subfield code="a">LCCN 2002558425: Gospel for a Sunday drive, p2000</subfield>
    <subfield code="b">(hdg.: COGIC International Mass Choir)</subfield>
  </datafield>
  <datafield tag="670" ind1=" " ind2=" ">
    <subfield code="a">Church of God in Christ, Auxiliaries in Ministry, Music Department ensembles Web site, Sept. 27, 2004</subfield>
    <subfield code="b">(International Mass Choir)</subfield>
  </datafield>
</record>